@article{Eckstein.2018,
  title={Data Basis for Scenario-Based Validation of HAD on Highways},
  author={Eckstein, Lutz and Zlocki, Adrian and Klimke, Jens and Krajewski, Robert},
  year={2018},
  publisher={27th Aachen Colloquium Automobile and Engine Technology}
}

@article{Becker.2017,
  title={Optimized Generation of Road Structures for Traffic Simulations},
  author={Becker, Daniel},
  year={2017},
  publisher={Institut für Kraftfahrzeuge, RWTH Aachen}
}

@article{Russ.2019,
  title={Entwicklung eines Werkzeugs zur Erstellung logischer und variierbarer
    virtueller Strecken für die Absicherung von automatisierten Fahrfunktionen},
  author={Russ, Fabian},
  year={2019},
  publisher={Institut für Kraftfahrzeuge, RWTH Aachen}
}

@article{Dupuis.2006,
  title={An Open Standard for the Description of Roads in Driving Simulations},
  author={Dupuis, Marius},
  year={2006},
  publisher={OpenDRIVE}
}

@article{OpenDRIVE.2019,
  title={OpenDRIVE Product Data Sheet},
  author={VIRES Simulationstechnologie GmbH},
  year={2019},
  publisher={http://www.opendrive.org/docs/VIRES_ODR_OCRG.pdf}
}

@article{OpenDRIVEDoku.2019,
  title={OpenDRIVE Format Specification},
  author={VIRES Simulationstechnologie GmbH},
  year={2019},
  publisher={http://www.opendrive.org/docs/OpenDRIVEFormatSpecRev1.5M.pdf}
}

@article{RoadGenerator.2019,
  title={Road Generator},
  author={dSPACE GmbH},
  year={2019},
  publisher={https://www.dspace.com/de/gmb/home/products/sw/automotive_simulation_models/produkte_asm/modeldesk/roadgenerator.cfm}
}

@article{Szenarienbeschreibung.2019,
  title={Szenarienbeschreibung Anforderungen und Rahmenbedingungen},
  author={Pegasus Projekt},
  year={2019},
  publisher={https://www.pegasusprojekt.de/files/tmpl/PDF-HZE/04_Szenarienbeschreibung.pdf}
}